<record><leader>00000cas a22000007a 4500</leader><controlfield tag="001">9397515</controlfield><controlfield tag="008">830411d18761877mauwr ne      0    0eng d</controlfield><datafield ind1=" " ind2=" " tag="010"><subfield code="a">sn 83020544 </subfield></datafield><datafield ind1=" " ind2=" " tag="040"><subfield code="a">NPX</subfield><subfield code="b">eng</subfield><subfield code="c">NPX</subfield><subfield code="d">NPU</subfield><subfield code="d">OCLCQ</subfield></datafield><datafield ind1=" " ind2=" " tag="042"><subfield code="a">msc</subfield></datafield><datafield ind1=" " ind2=" " tag="043"><subfield code="a">n-us-ma</subfield></datafield><datafield ind1="0" ind2="0" tag="245"><subfield code="a">Berkshire chronicle.</subfield></datafield><datafield ind1=" " ind2=" " tag="260"><subfield code="a">Lee, Mass. :</subfield><subfield code="b">William H. Hill</subfield></datafield><datafield ind1=" " ind2=" " tag="300"><subfield code="a">v. ;</subfield><subfield code="c">61 cm.</subfield></datafield><datafield ind1=" " ind2=" " tag="310"><subfield code="a">Weekly</subfield></datafield><datafield ind1="1" ind2=" " tag="362"><subfield code="a">Began in 1876; ceased in 1877.</subfield><subfield code="z">Cf. Hyde, C.M. Lee: the centennial celebration, and centennial hist., 1878.</subfield></datafield><datafield ind1=" " ind2=" " tag="500"><subfield code="a">Published on Friday.</subfield></datafield><datafield ind1=" " ind2=" " tag="500"><subfield code="a">"Suum cuique."</subfield></datafield><datafield ind1=" " ind2=" " tag="588"><subfield code="a">Description based on: N.s. no. 3, whole no. 168 (Aug. 25, 1876).</subfield></datafield><datafield ind1=" " ind2=" " tag="752"><subfield code="a">United States</subfield><subfield code="b">Massachusetts</subfield><subfield code="c">Berkshire</subfield><subfield code="d">Lee.</subfield></datafield></record>